@misc{Armstrong:2009:unittest,
 author = {Armstrong, Joe},
 title = {Micro Lightweight Unit Testing},
 howpublished = {\url{http://armstrongonsoftware.blogspot.com/2009/01/micro-lightweight-unit-testing.html}},
 month = jan,
 year = {2009},
}

@article{Perlis:1982:epigrams,
 author = {Perlis, Alan J.},
 journal = {ACM SIGPLAN Notices},
 pages = {7--13},
 title = {Epigrams on Programming},
 year = {1982},
}

@article{McCarthy:1960:symbolic,
 author = {John McCarthy},
 title = {Recursive Functions of Symbolic Expressions and their Computation by Machine, Part {I}},
 journal = {Communications of the ACM},
 year = {1960},
 volume = {3},
 pages = {184--195},
}

@inproceedings{Armstrong:2007:HE:1238844.1238850,
 author = {Armstrong, Joe},
 title = {A History of Erlang},
 booktitle = {Proceedings of the Third ACM SIGPLAN Conference on History of Programming Languages},
 series = {HOPL III},
 year = {2007},
 isbn = {978-1-59593-766-7},
 location = {San Diego, California},
 pages = {6-1--6-26},
 url = {http://doi.acm.org/10.1145/1238844.1238850},
 doi = {10.1145/1238844.1238850},
 acmid = {1238850},
 publisher = {ACM},
 address = {New York, NY, USA},
}

@misc{Graham:2001:roots,
  author = {Graham, Paul},
  title = {The Roots of Lisp},
  howpublished = {http://www.paulgraham.com/rootsoflisp.html},
  month = may,
  year = {2001}
}